@INPROCEEDINGS{fillon2017wac,
	AUTHOR = "Fillon, Thomas and Pellerin, Guillaume",
	TITLE = "A collaborative web platform for sound archives management and analysis",
	BOOKTITLE = "Proceedings of 3rd Web Audio Conference, London",
	PAGES = "43",
	ORGANIZATION = "Queen Mary University of London",
	MONTH = "August", 
	YEAR = {2017}	}

