@inproceedings{fillon2017wac,
	author = "Fillon, Thomas and Pellerin, Guillaume",
	booktitle = "Proceedings of 3rd Web Audio Conference, London",
	month = "August",
	organization = "Queen Mary University of London",
	pages = "43",
	title = "A collaborative web platform for sound archives management and analysis",
	year = "2017"
}

@misc{timesidesdk,
	howpublished = "\url{https://github.com/Ircam-Web/timeside-sdk-js}",
	title = "Timeside API SDK / client"
}

@misc{openapigenerator,
	howpublished = "\url{https://github.com/OpenAPITools/openapi-generator}",
	title = "Open API Generator"
}

@misc{vamp-plugins,
	howpublished = "\url{http://www.vamp-plugins.org}",
	title = "The {Vamp} audio analysis plugin system"
}

@misc{essentia,
	howpublished = "\url{http://essentia.upf.edu/documentation/}",
	title = "Open-source library and tools for audio and music analysis, description and synthesis"
}

@misc{librosa,
	howpublished = "\url{https://librosa.github.io/librosa/}",
	title = "LibROSA is a python package for music and audio analysis"
}

@inproceedings{yaafe_ISMIR2010,
	author = "Mathieu, Benoit and Essid, Slim and Fillon, Thomas and Prado, Jacques and Richard, Ga{\"e}l",
	booktitle = "Proc. of ISMIR 2010, Utrecht, Netherlands",
	howpublished = "\url{http://ismir2010.ismir.net/proceedings/ismir2010-75.pdf}",
	pages = "441--446",
	publisher = "International Society for Music Information Retrieval",
	title = "Yaafe, An Easy To Use And Efficient Audio Feature Extraction Software",
	year = 2010
}

@misc{aubio,
	howpublished = "\url{https://aubio.org/}",
	key = "Aubio",
	title = "aubio, a library for audio labelling"
}

@inproceedings{buffa2021wasabi,
	author = "Buffa, Michel and Cabrio, Elena and Fell, Michael and Gandon, Fabien and Giboin, Alain and Hennequin, Romain and Michel, Franck and Pauwels, Johan and Pellerin, Guillaume and Tikat, Maroua and others",
	booktitle = "European Semantic Web Conference",
	organization = "Springer",
	pages = "515--531",
	title = "The WASABI dataset: Cultural, lyrics and audio analysis metadata about 2 million popular commercially released songs",
	year = "2021"
}

@inproceedings{buffa:hal-02366730,
	author = "Buffa, Michel and Lebrun, Jerome and Pauwels, Johan and Pellerin, Guillaume",
	booktitle = "WAC - 5th WebAudio Conference",
	hal_id = "hal-02366730",
	hal_version = "v1",
	month = dec,
	title = "A 2 Million Commercial Song Interactive Navigator",
	url = "https://hal.inria.fr/hal-02366730",
	year = "2019"
}

@misc{drf,
	howpublished = "\url{https://www.django-rest-framework.org}",
	title = "Django REST Framework"
}

@inproceedings{peeters2012towards,
	author = "Peeters, Geoffroy and Fort, Kar{\"e}n",
	title = "Towards a (better) definition of annotated MIR corpora",
	year = "2012"
}

@misc{d3js,
	howpublished = "\url{https://d3js.org}",
	title = "D3.js"
}

@misc{timesideapidoc,
	howpublished = "\url{https://timeside.ircam.fr/timeside/api/docs/}",
	title = "Timeside API documentation"
}

@misc{timesiderepo,
	howpublished = "\url{https://github.com/Parisson/TimeSide}",
	title = "TimeSide repository"
}

